
@book{higgins2019cochrane,
	title = {Cochrane handbook for systematic reviews of interventions},
	publisher = {John Wiley \& Sons},
	author = {Higgins, Julian {PT} and Thomas, James and Chandler, Jacqueline and Cumpston, Miranda and Li, Tianjing and Page, Matthew J and Welch, Vivian A},
	date = {2019},
}
